@inproceedings{szegedy14:intriguing,
	Author = {Christian Szegedy and
	Wojciech Zaremba and
	Ilya Sutskever and
	Joan Bruna and
	Dumitru Erhan and
	Ian J. Goodfellow and
	Rob Fergus},
	Booktitle = {International Conference on Learning Representations (ICLR)},
	Title = {Intriguing properties of neural networks},
	Url = {http://arxiv.org/abs/1312.6199},
	Year = {2014}
}

@inproceedings{goodfellow15:harnessing,
	Author = {Ian J. Goodfellow and
	Jonathon Shlens and
	Christian Szegedy},
	Booktitle = {International Conference on Learning Representations (ICLR)},
	Title = {Explaining and Harnessing Adversarial Examples},
	Url = {http://arxiv.org/abs/1412.6572},
	Year = {201r}
}

@misc{1701.00160,
	Author = {Ian Goodfellow},
	Title = {NIPS 2016 Tutorial: Generative Adversarial Networks},
	Year = {2016},
	Eprint = {arXiv:1701.00160},
}

@book{Goodfellow-et-al-2016,
	title={Deep Learning},
	author={Ian Goodfellow and Yoshua Bengio and Aaron Courville},
	publisher={MIT Press},
	note={\url{http://www.deeplearningbook.org}},
	year={2016}
}

@inproceedings{DBLP:conf/nips/GoodfellowPMXWOCB14,
	author    = {Ian J. Goodfellow and
	Jean Pouget{-}Abadie and
	Mehdi Mirza and
	Bing Xu and
	David Warde{-}Farley and
	Sherjil Ozair and
	Aaron C. Courville and
	Yoshua Bengio},
	title     = {Generative Adversarial Nets},
	booktitle = {Advances in Neural Information Processing Systems 27: Annual Conference
	on Neural Information Processing Systems 2014, December 8-13 2014,
	Montreal, Quebec, Canada},
	pages     = {2672--2680},
	year      = {2014},
	crossref  = {DBLP:conf/nips/2014}
}
@proceedings{DBLP:conf/nips/2014,
	editor    = {Zoubin Ghahramani and others},
	title     = {Advances in Neural Information Processing Systems 27: Annual Conference
	on Neural Information Processing Systems 2014, December 8-13 2014,
	Montreal, Quebec, Canada},
	year      = {2014}
}
