@article{DBLP:journals/pieee/Nickel0TG16,
  author    = {Maximilian Nickel and
               Kevin Murphy and
               Volker Tresp and
               Evgeniy Gabrilovich},
  title     = {A Review of Relational Machine Learning for Knowledge Graphs},
  journal   = {Proceedings of the {IEEE}},
  volume    = {104},
  number    = {1},
  pages     = {11--33},
  year      = {2016}
}

@inproceedings{DBLP:conf/semweb/AuerBKLCI07,
	author    = {S{\"{o}}ren Auer and
	Christian Bizer and
	Georgi Kobilarov and
	Jens Lehmann and
	Richard Cyganiak and
	Zachary G. Ives},
	title     = {DBpedia: {A} Nucleus for a Web of Open Data},
	booktitle = {The Semantic Web, 6th International Semantic Web Conference, 2nd Asian
	Semantic Web Conference, {ISWC} 2007 + {ASWC} 2007, Busan, Korea,
	November 11-15, 2007.},
	pages     = {722--735},
	year      = {2007},
	crossref  = {DBLP:conf/semweb/2007}
}
@proceedings{DBLP:conf/semweb/2007,
	editor    = {Karl Aberer and others},
	title     = {The Semantic Web, 6th International Semantic Web Conference, 2nd Asian
	Semantic Web Conference, {ISWC} 2007 + {ASWC} 2007, Busan, Korea,
	November 11-15, 2007},
	series    = {LNCS},
	volume    = {4825},
	publisher = {Springer},
	year      = {2007},
	isbn      = {978-3-540-76297-3}
}

@inproceedings{DBLP:conf/aaai/BollackerCT07,
	author    = {Kurt D. Bollacker and
	Robert P. Cook and
	Patrick Tufts},
	title     = {Freebase: {A} Shared Database of Structured General Human Knowledge},
	booktitle = {Proceedings of the Twenty-Second {AAAI} Conference on Artificial Intelligence,
	July 22-26, 2007, Vancouver, British Columbia, Canada},
	pages     = {1962--1963},
	year      = {2007},
	crossref  = {DBLP:conf/aaai/2007}
}
@proceedings{DBLP:conf/aaai/2007,
	title     = {Proceedings of the Twenty-Second {AAAI} Conference on Artificial Intelligence,
	July 22-26, 2007, Vancouver, British Columbia, Canada},
	publisher = {{AAAI} Press},
	year      = {2007},
	isbn      = {978-1-57735-323-2}
}

@inproceedings{DBLP:conf/www/SuchanekKW07,
	author    = {Fabian M. Suchanek and
	Gjergji Kasneci and
	Gerhard Weikum},
	title     = {Yago: a core of semantic knowledge},
	booktitle = {Proceedings of the 16th International Conference on World Wide Web,
	{WWW} 2007, Banff, Alberta, Canada, May 8-12, 2007},
	pages     = {697--706},
	year      = {2007},
	crossref  = {DBLP:conf/www/2007}
}
@proceedings{DBLP:conf/www/2007,
	editor    = {Carey L. Williamson and others},
	title     = {Proceedings of the 16th International Conference on World Wide Web,
	{WWW} 2007, Banff, Alberta, Canada, May 8-12, 2007},
	publisher = {{ACM}},
	year      = {2007},
	isbn      = {978-1-59593-654-7}
}

@inproceedings{DBLP:conf/aaai/CarlsonBKSHM10,
	author    = {Andrew Carlson and
	Justin Betteridge and
	Bryan Kisiel and
	Burr Settles and
	Estevam R. Hruschka Jr. and
	Tom M. Mitchell},
	title     = {Toward an Architecture for Never-Ending Language Learning},
	booktitle = {Proceedings of the Twenty-Fourth {AAAI} Conference on Artificial Intelligence,
	{AAAI} 2010, Atlanta, Georgia, USA, July 11-15, 2010},
	year      = {2010},
	crossref  = {DBLP:conf/aaai/2010}
}
@proceedings{DBLP:conf/aaai/2010,
	editor    = {Maria Fox and others},
	title     = {Proceedings of the Twenty-Fourth {AAAI} Conference on Artificial Intelligence,
	{AAAI} 2010, Atlanta, Georgia, USA, July 11-15, 2010},
	publisher = {{AAAI} Press},
	year      = {2010}
}

@inproceedings{DBLP:conf/kdd/0001GHHLMSSZ14,
	author    = {Xin Dong and
	Evgeniy Gabrilovich and
	Geremy Heitz and
	Wilko Horn and
	Ni Lao and
	Kevin Murphy and
	Thomas Strohmann and
	Shaohua Sun and
	Wei Zhang},
	title     = {Knowledge vault: a web-scale approach to probabilistic knowledge fusion},
	booktitle = {The 20th {ACM} {SIGKDD} International Conference on Knowledge Discovery
	and Data Mining, {KDD} '14, New York, NY, {USA} - August 24 - 27,
	2014},
	pages     = {601--610},
	year      = {2014},
	crossref  = {DBLP:conf/kdd/2014}
}
@proceedings{DBLP:conf/kdd/2014,
	editor    = {Sofus A. Macskassy and others},
	title     = {The 20th {ACM} {SIGKDD} International Conference on Knowledge Discovery
	and Data Mining, {KDD} '14, New York, NY, {USA} - August 24 - 27,
	2014},
	publisher = {{ACM}},
	year      = {2014},
	isbn      = {978-1-4503-2956-9}
}

@inproceedings{DBLP:conf/semweb/KrompassBT15,
	author    = {Denis Krompa{\ss} and
	Stephan Baier and
	Volker Tresp},
	title     = {Type-Constrained Representation Learning in Knowledge Graphs},
	booktitle = {The Semantic Web - {ISWC} 2015 - 14th International Semantic Web Conference,
	Bethlehem, PA, USA, October 11-15, 2015, Proceedings, Part {I}},
	pages     = {640--655},
	year      = {2015},
	crossref  = {DBLP:conf/semweb/2015-1}
}
@proceedings{DBLP:conf/semweb/2015-1,
	editor    = {Marcelo Arenas and others},
	title     = {The Semantic Web - {ISWC} 2015 - 14th International Semantic Web Conference,
	Bethlehem, PA, USA, October 11-15, 2015, Proceedings, Part {I}},
	series    = {LNCS},
	volume    = {9366},
	publisher = {Springer},
	year      = {2015},
	isbn      = {978-3-319-25006-9},
}

@inproceedings{DBLP:conf/icml/NickelTK11,
	author    = {Maximilian Nickel and
	Volker Tresp and
	Hans{-}Peter Kriegel},
	title     = {A Three-Way Model for Collective Learning on Multi-Relational Data},
	booktitle = {Proceedings of the 28th International Conference on Machine Learning,
	{ICML} 2011, Bellevue, Washington, USA, June 28 - July 2, 2011},
	pages     = {809--816},
	year      = {2011},
	crossref  = {DBLP:conf/icml/2011}
}
@proceedings{DBLP:conf/icml/2011,
	editor    = {Lise Getoor and others},
	title     = {Proceedings of the 28th International Conference on Machine Learning,
	{ICML} 2011, Bellevue, Washington, USA, June 28 - July 2, 2011},
	publisher = {Omnipress},
	year      = {2011}
}

@inproceedings{DBLP:conf/www/NickelTK12,
	author    = {Maximilian Nickel and
	Volker Tresp and
	Hans{-}Peter Kriegel},
	title     = {Factorizing {YAGO:} scalable machine learning for linked data},
	booktitle = {Proceedings of the 21st World Wide Web Conference 2012, {WWW} 2012,
	Lyon, France, April 16-20, 2012},
	pages     = {271--280},
	year      = {2012},
	crossref  = {DBLP:conf/www/2012}
}
@proceedings{DBLP:conf/www/2012,
	editor    = {Alain Mille and
	Fabien L. Gandon and
	Jacques Misselis and
	Michael Rabinovich and
	Steffen Staab},
	title     = {Proceedings of the 21st World Wide Web Conference 2012, {WWW} 2012,
	Lyon, France, April 16-20, 2012},
	publisher = {{ACM}},
	year      = {2012},
	url       = {http://dl.acm.org/citation.cfm?id=2187836},
	isbn      = {978-1-4503-1229-5}
}

@inproceedings{DBLP:conf/nips/BordesUGWY13,
	author    = {Antoine Bordes and
	Nicolas Usunier and
	Alberto Garc{\'{\i}}a{-}Dur{\'{a}}n and
	Jason Weston and
	Oksana Yakhnenko},
	title     = {Translating Embeddings for Modeling Multi-relational Data},
	booktitle = {Advances in Neural Information Processing Systems 26: 27th Annual
	Conference on Neural Information Processing Systems 2013. Proceedings
	of a meeting held December 5-8, 2013, Lake Tahoe, Nevada, United States.},
	pages     = {2787--2795},
	year      = {2013},
	crossref  = {DBLP:conf/nips/2013}
}
@proceedings{DBLP:conf/nips/2013,
	editor    = {Christopher J. C. Burges and others},
	title     = {Advances in Neural Information Processing Systems 26: 27th Annual
	Conference on Neural Information Processing Systems 2013. Proceedings
	of a meeting held December 5-8, 2013, Lake Tahoe, Nevada, United States},
	year      = {2013}
}

@inproceedings{yang15:embedding,
	Author = {Bishan Yang and Wen{-}tau Yih and Xiaodong He and Jianfeng Gao and Li Deng},
	Booktitle = {International Conference on Learning Representations (ICLR)},
	Title = {Embedding Entities and Relations for Learning and Inference in Knowledge Bases},
	Url = {http://arxiv.org/abs/1412.6575},
	Year = {2015}
}

@inproceedings{DBLP:conf/icml/TrouillonWRGB16,
	author    = {Th{\'{e}}o Trouillon and
	Johannes Welbl and
	Sebastian Riedel and
	{\'{E}}ric Gaussier and
	Guillaume Bouchard},
	title     = {Complex Embeddings for Simple Link Prediction},
	booktitle = {Proceedings of the 33nd International Conference on Machine Learning,
	{ICML} 2016, New York City, NY, USA, June 19-24, 2016},
	pages     = {2071--2080},
	year      = {2016},
	crossref  = {DBLP:conf/icml/2016}
}
@proceedings{DBLP:conf/icml/2016,
	editor    = {Maria{-}Florina Balcan and others},
	title     = {Proceedings of the 33nd International Conference on Machine Learning,
	{ICML} 2016, New York City, NY, USA, June 19-24, 2016},
	series    = {{JMLR} Workshop and Conference Proceedings},
	volume    = {48},
	publisher = {JMLR.org},
	year      = {2016}
}

@inproceedings{DBLP:conf/naacl/RiedelYMM13,
	author    = {Sebastian Riedel and
	Limin Yao and
	Andrew McCallum and
	Benjamin M. Marlin},
	title     = {Relation Extraction with Matrix Factorization and Universal Schemas},
	booktitle = {Human Language Technologies: Conference of the North American Chapter
	of the Association of Computational Linguistics, Proceedings, June
	9-14, 2013, Westin Peachtree Plaza Hotel, Atlanta, Georgia, {USA}},
	pages     = {74--84},
	year      = {2013},
	crossref  = {DBLP:conf/naacl/2013}
}
@proceedings{DBLP:conf/naacl/2013,
	editor    = {Lucy Vanderwende and others},
	title     = {Human Language Technologies: Conference of the North American Chapter
	of the Association of Computational Linguistics, Proceedings, June
	9-14, 2013, Westin Peachtree Plaza Hotel, Atlanta, Georgia, {USA}},
	publisher = {The Association for Computational Linguistics},
	year      = {2013}
}

@inproceedings{DBLP:conf/emnlp/DemeesterRR16,
	author    = {Thomas Demeester and
	Tim Rockt{\"{a}}schel and
	Sebastian Riedel},
	title     = {Lifted Rule Injection for Relation Embeddings},
	booktitle = {Proceedings of the 2016 Conference on Empirical Methods in Natural
	Language Processing, {EMNLP} 2016, Austin, Texas, USA, November 1-4,
	2016},
	pages     = {1389--1399},
	year      = {2016},
	crossref  = {DBLP:conf/emnlp/2016}
}
@proceedings{DBLP:conf/emnlp/2016,
	editor    = {Jian Su and others},
	title     = {Proceedings of the 2016 Conference on Empirical Methods in Natural
	Language Processing, {EMNLP} 2016, Austin, Texas, USA, November 1-4,
	2016},
	publisher = {The Association for Computational Linguistics},
	year      = {2016},
	isbn      = {978-1-945626-25-8}
}

@inproceedings{DBLP:conf/cikm/WangMC14,
	author    = {William Yang Wang and
	Kathryn Mazaitis and
	William W. Cohen},
	title     = {Structure Learning via Parameter Learning},
	booktitle = {Proceedings of the 23rd {ACM} International Conference on Conference
	on Information and Knowledge Management, {CIKM} 2014, Shanghai, China,
	November 3-7, 2014},
	pages     = {1199--1208},
	year      = {2014},
	crossref  = {DBLP:conf/cikm/2014}
}
@proceedings{DBLP:conf/cikm/2014,
	editor    = {Jianzhong Li and others},
	title     = {Proceedings of the 23rd {ACM} International Conference on Conference
	on Information and Knowledge Management, {CIKM} 2014, Shanghai, China,
	November 3-7, 2014},
	publisher = {{ACM}},
	year      = {2014},
	url       = {http://dl.acm.org/citation.cfm?id=2661829},
	isbn      = {978-1-4503-2598-1}
}

@inproceedings{DBLP:conf/ijcai/WangWG15,
	author    = {Quan Wang and
	Bin Wang and
	Li Guo},
	title     = {Knowledge Base Completion Using Embeddings and Rules},
	booktitle = {Proceedings of the Twenty-Fourth International Joint Conference on
	Artificial Intelligence, {IJCAI} 2015, Buenos Aires, Argentina, July
	25-31, 2015},
	pages     = {1859--1866},
	year      = {2015},
	crossref  = {DBLP:conf/ijcai/2015}
}
@proceedings{DBLP:conf/ijcai/2015,
	editor    = {Qiang Yang and others},
	title     = {Proceedings of the Twenty-Fourth International Joint Conference on
	Artificial Intelligence, {IJCAI} 2015, Buenos Aires, Argentina, July
	25-31, 2015},
	publisher = {{AAAI} Press},
	year      = {2015},
	isbn      = {978-1-57735-738-4}
}

@inproceedings{DBLP:conf/akbc/RocktaschelR16,
	author    = {Tim Rockt{\"{a}}schel and
	Sebastian Riedel},
	title     = {Learning Knowledge Base Inference with Neural Theorem Provers},
	booktitle = {Proceedings of the 5th Workshop on Automated Knowledge Base Construction,
	AKBC@NAACL-HLT 2016, San Diego, CA, USA, June 17, 2016},
	pages     = {45--50},
	year      = {2016},
	crossref  = {DBLP:conf/akbc/2016}
}
@proceedings{DBLP:conf/akbc/2016,
	editor    = {Jay Pujara and
	Tim Rockt{\"{a}}schel and
	Danqi Chen and
	Sameer Singh},
	title     = {Proceedings of the 5th Workshop on Automated Knowledge Base Construction,
	AKBC@NAACL-HLT 2016, San Diego, CA, USA, June 17, 2016},
	publisher = {The Association for Computer Linguistics},
	year      = {2016},
	isbn      = {978-1-941643-53-2},
}

@article{DBLP:journals/corr/VendrovKFU15,
	author    = {Ivan Vendrov and
	Ryan Kiros and
	Sanja Fidler and
	Raquel Urtasun},
	title     = {Order-Embeddings of Images and Language},
	journal   = {CoRR},
	volume    = {abs/1511.06361},
	year      = {2015}
}

@inproceedings{DBLP:conf/naacl/RocktaschelSR15,
	author    = {Tim Rockt{\"{a}}schel and
	Sameer Singh and
	Sebastian Riedel},
	title     = {Injecting Logical Background Knowledge into Embeddings for Relation
	Extraction},
	booktitle = {{NAACL} {HLT} 2015, The 2015 Conference of the North American Chapter
	of the Association for Computational Linguistics: Human Language Technologies,
	Denver, Colorado, USA, May 31 - June 5, 2015},
	pages     = {1119--1129},
	year      = {2015},
	crossref  = {DBLP:conf/naacl/2015}
}
@proceedings{DBLP:conf/naacl/2015,
	editor    = {Rada Mihalcea and others},
	title     = {{NAACL} {HLT} 2015, The 2015 Conference of the North American Chapter
	of the Association for Computational Linguistics: Human Language Technologies,
	Denver, Colorado, USA, May 31 - June 5, 2015},
	publisher = {The Association for Computational Linguistics},
	year      = {2015},
	isbn      = {978-1-941643-49-5}
}

@Book{getoor:srlbook07,
	author       = "Getoor, Lise and Taskar, Benjamin",
	title        = "Introduction to Statistical Relational Learning",
	year         = "2007",
	publisher    = "The MIT Press",
}

@inproceedings{DBLP:conf/ijcai/Poole03,
	author    = {David Poole},
	title     = {First-order probabilistic inference},
	booktitle = {IJCAI-03, Proceedings of the Eighteenth International Joint Conference
	on Artificial Intelligence, Acapulco, Mexico, August 9-15, 2003},
	pages     = {985--991},
	year      = {2003},
	crossref  = {DBLP:conf/ijcai/2003}
}
@proceedings{DBLP:conf/ijcai/2003,
	editor    = {Georg Gottlob and others},
	title     = {IJCAI-03, Proceedings of the Eighteenth International Joint Conference
	on Artificial Intelligence, Acapulco, Mexico, August 9-15, 2003},
	publisher = {Morgan Kaufmann},
	year      = {2003}
}

@inproceedings{DBLP:conf/ijcai/BrazAR05,
	author    = {Rodrigo de Salvo Braz and
	Eyal Amir and
	Dan Roth},
	title     = {Lifted First-Order Probabilistic Inference},
	booktitle = {IJCAI-05, Proceedings of the Nineteenth International Joint Conference
	on Artificial Intelligence, Edinburgh, Scotland, UK, July 30 - August
	5, 2005},
	pages     = {1319--1325},
	year      = {2005},
	crossref  = {DBLP:conf/ijcai/2005}
}
@proceedings{DBLP:conf/ijcai/2005,
	editor    = {Leslie Pack Kaelbling and others},
	title     = {IJCAI-05, Proceedings of the Nineteenth International Joint Conference
	on Artificial Intelligence, Edinburgh, Scotland, UK, July 30 - August
	5, 2005},
	publisher = {Professional Book Center},
	year      = {2005},
	url       = {http://ijcai.org/proceedings/2005},
	isbn      = {0938075934}
}

@article{DBLP:journals/corr/VergaM16,
	author    = {Patrick Verga and
	Andrew McCallum},
	title     = {Row-less Universal Schema},
	journal   = {CoRR},
	volume    = {abs/1604.06361},
	year      = {2016},
	url       = {http://arxiv.org/abs/1604.06361}
}

@inproceedings{rocktaschel14low,
	author = {Rocktaeschel, Tim and Bosnjak, Matko and Singh, Sameer and Riedel, Sebastian},
	booktitle = {ACL Workshop on Semantic Parsing (SP'14)},
	title = {Low-Dimensional Embeddings of Logic},
	year = {2014}
}

@inproceedings{DBLP:conf/ijcai/WangC16,
	author    = {William Yang Wang and
	William W. Cohen},
	title     = {Learning First-Order Logic Embeddings via Matrix Factorization},
	booktitle = {Proceedings of the Twenty-Fifth International Joint Conference on
	Artificial Intelligence, {IJCAI} 2016, New York, NY, USA, 9-15 July
	2016},
	pages     = {2132--2138},
	year      = {2016},
	crossref  = {DBLP:conf/ijcai/2016}
}
@proceedings{DBLP:conf/ijcai/2016,
	editor    = {Subbarao Kambhampati},
	title     = {Proceedings of the Twenty-Fifth International Joint Conference on
	Artificial Intelligence, {IJCAI} 2016, New York, NY, USA, 9-15 July
	2016},
	publisher = {{IJCAI/AAAI} Press},
	year      = {2016},
	url       = {http://www.ijcai.org/Proceedings/2016},
	isbn      = {978-1-57735-770-4}
}

@inproceedings{DBLP:conf/cikm/Wei0LQST15,
	author    = {Zhuoyu Wei and
	Jun Zhao and
	Kang Liu and
	Zhenyu Qi and
	Zhengya Sun and
	Guanhua Tian},
	title     = {Large-scale Knowledge Base Completion: Inferring via Grounding Network
	Sampling over Selected Instances},
	booktitle = {Proceedings of the 24th {ACM} International Conference on Information
	and Knowledge Management, {CIKM} 2015, Melbourne, VIC, Australia,
	October 19 - 23, 2015},
	pages     = {1331--1340},
	year      = {2015},
	crossref  = {DBLP:conf/cikm/2015}
}
@proceedings{DBLP:conf/cikm/2015,
	editor    = {James Bailey and others},
	title     = {Proceedings of the 24th {ACM} International Conference on Information
	and Knowledge Management, {CIKM} 2015, Melbourne, VIC, Australia,
	October 19 - 23, 2015},
	publisher = {{ACM}},
	year      = {2015},
	isbn      = {978-1-4503-3794-6}
}

@inproceedings{DBLP:conf/aaai/WuSYLZZ15,
	author    = {Fei Wu and
	Jun Song and
	Yi Yang and
	Xi Li and
	Zhongfei (Mark) Zhang and
	Yueting Zhuang},
	title     = {Structured Embedding via Pairwise Relations and Long-Range Interactions
	in Knowledge Base},
	booktitle = {Proceedings of the Twenty-Ninth {AAAI} Conference on Artificial Intelligence,
	January 25-30, 2015, Austin, Texas, {USA.}},
	pages     = {1663--1670},
	year      = {2015},
	crossref  = {DBLP:conf/aaai/2015}
}
@proceedings{DBLP:conf/aaai/2015,
	editor    = {Blai Bonet and others},
	title     = {Proceedings of the Twenty-Ninth {AAAI} Conference on Artificial Intelligence,
	January 25-30, 2015, Austin, Texas, {USA}},
	publisher = {{AAAI} Press},
	year      = {2015},
	isbn      = {978-1-57735-698-1}
}

@inproceedings{DBLP:conf/emnlp/LaoMC11,
	author    = {Ni Lao and
	Tom M. Mitchell and
	William W. Cohen},
	title     = {Random Walk Inference and Learning in {A} Large Scale Knowledge Base},
	booktitle = {Proceedings of the 2011 Conference on Empirical Methods in Natural
	Language Processing, {EMNLP} 2011, 27-31 July 2011, John McIntyre
	Conference Centre, Edinburgh, UK, {A} meeting of SIGDAT, a Special
	Interest Group of the {ACL}},
	pages     = {529--539},
	year      = {2011},
	crossref  = {DBLP:conf/emnlp/2011}
}
@proceedings{DBLP:conf/emnlp/2011,
	title     = {Proceedings of the 2011 Conference on Empirical Methods in Natural
	Language Processing, {EMNLP} 2011, 27-31 July 2011, John McIntyre
	Conference Centre, Edinburgh, UK, {A} meeting of SIGDAT, a Special
	Interest Group of the {ACL}},
	publisher = {{ACL}},
	year      = {2011},
	isbn      = {978-1-937284-11-4}
}

@inproceedings{DBLP:conf/emnlp/ChangYYM14,
	author    = {Kai{-}Wei Chang and
	Wen{-}tau Yih and
	Bishan Yang and
	Christopher Meek},
	title     = {Typed Tensor Decomposition of Knowledge Bases for Relation Extraction},
	booktitle = {Proceedings of the 2014 Conference on Empirical Methods in Natural
	Language Processing, {EMNLP} 2014, October 25-29, 2014, Doha, Qatar,
	{A} meeting of SIGDAT, a Special Interest Group of the {ACL}},
	pages     = {1568--1579},
	year      = {2014},
	crossref  = {DBLP:conf/emnlp/2014}
}
@proceedings{DBLP:conf/emnlp/2014,
	editor    = {Alessandro Moschitti and others},
	title     = {Proceedings of the 2014 Conference on Empirical Methods in Natural
	Language Processing, {EMNLP} 2014, October 25-29, 2014, Doha, Qatar,
	{A} meeting of SIGDAT, a Special Interest Group of the {ACL}},
	publisher = {{ACL}},
	year      = {2014},
	isbn      = {978-1-937284-96-1}
}

@inproceedings{DBLP:conf/dsaa/KrompassNT14,
	author    = {Denis Krompass and
	Maximilian Nickel and
	Volker Tresp},
	title     = {Large-scale factorization of type-constrained multi-relational data},
	booktitle = {International Conference on Data Science and Advanced Analytics, {DSAA}
	2014, Shanghai, China, October 30 - November 1, 2014},
	pages     = {18--24},
	year      = {2014},
	crossref  = {DBLP:conf/dsaa/2014}
}
@proceedings{DBLP:conf/dsaa/2014,
	title     = {International Conference on Data Science and Advanced Analytics, {DSAA}
	2014, Shanghai, China, October 30 - November 1, 2014},
	publisher = {{IEEE}},
	year      = {2014},
	isbn      = {978-1-4799-6991-3}
}

@inproceedings{sac16,
	author    = {Pasquale Minervini and
	Claudia d'Amato and
	Nicola Fanizzi and
	Floriana Esposito},
	title     = {Leveraging the schema in latent factor models for knowledge graph
	completion},
	booktitle = {Proceedings of the 31st Annual {ACM} Symposium on Applied Computing,
	Pisa, Italy, April 4-8, 2016},
	pages     = {327--332},
	year      = {2016},
	crossref  = {DBLP:conf/sac/2016}
}
@proceedings{DBLP:conf/sac/2016,
	editor    = {Sascha Ossowski},
	title     = {Proceedings of the 31st Annual {ACM} Symposium on Applied Computing,
	Pisa, Italy, April 4-8, 2016},
	publisher = {{ACM}},
	year      = {2016},
	doi       = {10.1145/2851613},
	isbn      = {978-1-4503-3739-7}
}

@inproceedings{DBLP:conf/nips/NickelJT14,
	author    = {Maximilian Nickel and
	Xueyan Jiang and
	Volker Tresp},
	title     = {Reducing the Rank in Relational Factorization Models by Including
	Observable Patterns},
	booktitle = {Advances in Neural Information Processing Systems 27: Annual Conference
	on Neural Information Processing Systems 2014, December 8-13 2014,
	Montreal, Quebec, Canada},
	pages     = {1179--1187},
	year      = {2014},
	crossref  = {DBLP:conf/nips/2014}
}
@proceedings{DBLP:conf/nips/2014,
	editor    = {Zoubin Ghahramani and others},
	title     = {Advances in Neural Information Processing Systems 27: Annual Conference
	on Neural Information Processing Systems 2014, December 8-13 2014,
	Montreal, Quebec, Canada},
	year      = {2014}
}
