@article{Gupta:1991:TTN:107687.107690,
 author = {Gupta, M. M. and Qi, J.},
 title = {Theory of T-norms and Fuzzy Inference Methods},
 journal = {Fuzzy Sets Syst.},
 issue_date = {April 15, 1991},
 volume = {40},
 number = {3},
 month = apr,
 year = {1991},
 issn = {0165-0114},
 pages = {431--450},
 numpages = {20},
 url = {http://dx.doi.org/10.1016/0165-0114(91)90171-L},
 doi = {10.1016/0165-0114(91)90171-L},
 acmid = {107690},
 publisher = {Elsevier North-Holland, Inc.},
 address = {Amsterdam, The Netherlands, The Netherlands},
}
