@TechReport{Wood:14:RCA,
	author      = "David Wood and Markus Lanthaler and Richard Cyganiak",
	title       = "{RDF} 1.1 Concepts and Abstract Syntax",
	month       = feb,
	note        = "http://www.w3.org/TR/2014/REC-rdf11-concepts-20140225/",
	year        = "2014",
	bibsource   = "http://w2.syronex.com/jmr/w3c-biblio",
	type        = "{W3C} Recommendation",
	institution = "W3C",
}

@TechReport{Hayes:14:RS,
	author      = "Patrick Hayes and Peter Patel-Schneider",
	title       = "{RDF} 1.1 Semantics",
	month       = feb,
	note        = "http://www.w3.org/TR/2014/REC-rdf11-mt-20140225/",
	year        = "2014",
	bibsource   = "http://w2.syronex.com/jmr/w3c-biblio",
	type        = "{W3C} Recommendation",
	institution = "W3C",
}
